<collection xmlns="http://www.loc.gov/MARC21/slim">
<record>
  <leader>01774nam0a2200277 i 450 </leader>
  <controlfield tag="001">IT\ICCU\CNCE\066905</controlfield>
  <controlfield tag="005">20150608000000.0</controlfield>
  <datafield tag="012" ind1=" " ind2=" ">
    <subfield code="a">toio tata e.e. iope (3) 1575 (R)</subfield>
    <subfield code="2">fei</subfield>
  </datafield>
  <datafield tag="100" ind1=" " ind2=" ">
    <subfield code="a">20060907d1575        0itac0103    ba</subfield>
  </datafield>
  <datafield tag="101" ind1=" " ind2=" ">
    <subfield code="a">ITA</subfield>
  </datafield>
  <datafield tag="102" ind1=" " ind2=" ">
    <subfield code="a">IT</subfield>
  </datafield>
  <datafield tag="200" ind1="1" ind2=" ">
    <subfield code="a">℗La ℗regina  Ancroia. Nella quale si vede bellissime istorie d&apos;arme, &amp; di amore, diuerse giostre, &amp; torniamenti; &amp; grandissimi fatti d&apos;arme con i paladini di Francia. Di nuouo ristampata, et corretta &amp; aggiuntoui al principio de i canti le sue dechiarationi, &amp; adornata di bellissime figure</subfield>
  </datafield>
  <datafield tag="210" ind1=" " ind2=" ">
    <subfield code="a">In Venetia</subfield>
    <subfield code="c">appresso Pietro de&apos; Franceschi</subfield>
    <subfield code="d">in Frezzaria</subfield>
    <subfield code="d">all&apos;insegna della Regina</subfield>
    <subfield code="d">1575</subfield>
    <subfield code="e">In Venetia</subfield>
    <subfield code="g">appresso Pietro dei Franceschi</subfield>
    <subfield code="h">&amp; nepoti</subfield>
    <subfield code="h">in Frezzaria all&apos;insegna della Regina</subfield>
    <subfield code="h">1575</subfield>
  </datafield>
  <datafield tag="215" ind1=" " ind2=" ">
    <subfield code="a">307, \1! c.</subfield>
    <subfield code="c">ill.</subfield>
    <subfield code="d">8ʻ</subfield>
  </datafield>
  <datafield tag="500" ind1="1" ind2="1">
    <subfield code="3">IT\ICCU\CNCE\023614</subfield>
    <subfield code="a">Regina Ancroia</subfield>
  </datafield>
  <datafield tag="620" ind1=" " ind2=" ">
    <subfield code="a">IT</subfield>
    <subfield code="d">Venezia</subfield>
  </datafield>
  <datafield tag="712" ind1="0" ind2="0">
    <subfield code="a">De_Franceschi, Pietro</subfield>
    <subfield code="3">IT\ICCU\CNCT\002918</subfield>
    <subfield code="4">650</subfield>
  </datafield>
  <datafield tag="712" ind1="0" ind2="0">
    <subfield code="a">De_Franceschi, Pietro &amp; nipoti</subfield>
    <subfield code="3">IT\ICCU\CNCT\000377</subfield>
    <subfield code="4">650</subfield>
  </datafield>
  <datafield tag="791" ind1="0" ind2="0">
    <subfield code="a">Franceschi, Pietro de</subfield>
    <subfield code="3">IT\ICCU\CNCT\004560</subfield>
    <subfield code="z">De_Franceschi, Pietro</subfield>
  </datafield>
  <datafield tag="791" ind1="0" ind2="0">
    <subfield code="a">Franciscis, Petrus de</subfield>
    <subfield code="3">IT\ICCU\CNCT\004561</subfield>
    <subfield code="z">De_Franceschi, Pietro</subfield>
  </datafield>
  <datafield tag="801" ind1=" " ind2="3">
    <subfield code="a">IT</subfield>
    <subfield code="b">ICCU</subfield>
    <subfield code="c">20201115</subfield>
  </datafield>
  <datafield tag="899" ind1=" " ind2=" ">
    <subfield code="a">Biblioteca universitaria. Pisa</subfield>
    <subfield code="z">MUTILO</subfield>
    <subfield code="1">PI0112</subfield>
    <subfield code="2">PIS R1</subfield>
  </datafield>
  <datafield tag="899" ind1=" " ind2=" ">
    <subfield code="a">Biblioteca Palatina. Parma</subfield>
    <subfield code="1">PR0072</subfield>
    <subfield code="2">PAR PA</subfield>
  </datafield>
  <datafield tag="899" ind1=" " ind2=" ">
    <subfield code="a">Collezione privata Casagrande. San Don ̉di Piave</subfield>
    <subfield code="1">VE0259</subfield>
    <subfield code="2">ZVE 20</subfield>
  </datafield>
  <datafield tag="911" ind1=" " ind2=" ">
    <subfield code="a">Sul front.</subfield>
    <subfield code="9">IT\ICCU\CNCM\000345</subfield>
  </datafield>
  <datafield tag="921" ind1=" " ind2=" ">
    <subfield code="a">IT\ICCU\CNCM\000345</subfield>
    <subfield code="b">Virt ̮(donna coronata con lo scettro) e Fortuna (donna in piedi con la vela al vento) su una barca con la scritta &quot;Regina Virtus&quot;</subfield>
    <subfield code="e">1) Ducibus his prospera quaeque. 2) Virtus et fortuna</subfield>
    <subfield code="c">V333</subfield>
    <subfield code="c">Z1205</subfield>
    <subfield code="d">Dimensioni: 5,8 x 5,5</subfield>
    <subfield code="f">BARCA</subfield>
    <subfield code="f">DUCIBUSHIS</subfield>
    <subfield code="f">FORTUNA</subfield>
    <subfield code="f">REGINAVIR</subfield>
    <subfield code="f">VIRTU</subfield>
    <subfield code="g">1574-1585</subfield>
  </datafield>
</record>
</collection>
